<?xml version="1.0" encoding="UTF-8"?>
<collection xmlns:xsi="http://www.w3.org/2001/XMLSchema-instance" xsi:schemaLocation="http://www.loc.gov/MARC21/slim http://www.loc.gov/standards/marcxml/schema/MARC21slim.xsd" xmlns="http://www.loc.gov/MARC21/slim">
<record>
  <leader>00692cam a2200229   4500</leader>
  <controlfield tag="001">2871855</controlfield>
  <controlfield tag="003">NNC</controlfield>
  <controlfield tag="005">20130425234815.0</controlfield>
  <controlfield tag="008">891211s1968    iq       b    000 0bara  </controlfield>
  <datafield tag="010" ind1=" " ind2=" ">
    <subfield code="a">   76961753 </subfield>
  </datafield>
  <datafield tag="035" ind1=" " ind2=" ">
    <subfield code="a">(OCoLC)ocm20765790</subfield>
  </datafield>
  <datafield tag="035" ind1=" " ind2=" ">
    <subfield code="9">ASA6445CU</subfield>
  </datafield>
  <datafield tag="035" ind1=" " ind2=" ">
    <subfield code="a">(NNC)2871855</subfield>
  </datafield>
  <datafield tag="040" ind1=" " ind2=" ">
    <subfield code="a">DLC</subfield>
    <subfield code="c">WAU</subfield>
    <subfield code="d">WAU</subfield>
    <subfield code="d">ZCU</subfield>
  </datafield>
  <datafield tag="050" ind1="0" ind2=" ">
    <subfield code="a">BP80.F36</subfield>
    <subfield code="b">M53</subfield>
  </datafield>
  <datafield tag="100" ind1="1" ind2=" ">
    <subfield code="a">Mīlānī, Fāḍil al-Ḥusaynī.</subfield>
  </datafield>
  <datafield tag="245" ind1="1" ind2="0">
    <subfield code="a">Fāṭimah al-Zahrāʾ umm abīhā</subfield>
    <subfield code="c">[taʾlīf] Fāḍil al-Ḥusaynī al-Mīlānī.</subfield>
  </datafield>
  <datafield tag="260" ind1=" " ind2=" ">
    <subfield code="a">al-Najaf</subfield>
    <subfield code="b">[Maktabat al-Ṣādiq]</subfield>
    <subfield code="c">1968.</subfield>
  </datafield>
  <datafield tag="300" ind1=" " ind2=" ">
    <subfield code="a">175 p.</subfield>
    <subfield code="c">24 cm.</subfield>
  </datafield>
  <datafield tag="504" ind1=" " ind2=" ">
    <subfield code="a">Bibliography: p. 174.</subfield>
  </datafield>
  <datafield tag="600" ind1="0" ind2="0">
    <subfield code="a">Fāṭimah,</subfield>
    <subfield code="d">-632 or 633.</subfield>
  </datafield>
  <datafield tag="955" ind1=" " ind2=" ">
    <subfield code="b">CU55311326</subfield>
    <subfield code="d">off,glx</subfield>
    <subfield code="e">BP80.F36 M53</subfield>
  </datafield>
</record>
</collection>